<?xml version="1.0" encoding="utf-8" standalone="no"?>
<!DOCTYPE Archive SYSTEM "http://greenstone.org/dtd/Archive/1.0/Archive.dtd">
<Archive>
<Section>
  <Description>
    <Metadata name="gsdlsourcefilename">import\advbeat_small\marc\locbeatles50.marc</Metadata>
    <Metadata name="gsdldoctype">indexed_doc</Metadata>
    <Metadata name="Language">en</Metadata>
    <Metadata name="Encoding">iso_8859_1</Metadata>
    <Metadata name="Source">locbeatles50.marc</Metadata>
    <Metadata name="SourceFile">locbeatles50.marc</Metadata>
    <Metadata name="SourceSegment">36</Metadata>
    <Metadata name="Plugin">MARCPlugin</Metadata>
    <Metadata name="dc.Format">MARC</Metadata>
    <Metadata name="FileFormat">MARC</Metadata>
    <Metadata name="dc.Title">Let it be / United Artists ; directed by Michael Lindsay-Hogg ; produced by Neil Aspinall.</Metadata>
    <Metadata name="dc.Publisher">&amp;#091;United States :</Metadata>
    <Metadata name="dc.Publisher">Magnetic Video,</Metadata>
    <Metadata name="dc.Date">1981&amp;#093;</Metadata>
    <Metadata name="dc.Description">Copyright: Apple Films, Ltd.; 13May70; LP37960.</Metadata>
    <Metadata name="dc.Description">Release date for original: 1970.</Metadata>
    <Metadata name="dc.Description">Reference source used: videodisc jacket.</Metadata>
    <Metadata name="dc.Description">With: The Beatles.</Metadata>
    <Metadata name="dc.Description">Received: 7-8-83; viewing copies 1 and 2; purchase, purchse order no. 0124326; LC Purchase Collection.</Metadata>
    <Metadata name="dc.Type">Videodiscs. gmgpc</Metadata>
    <Metadata name="dc.Creator">Lindsay-Hogg, Michael, direction.</Metadata>
    <Metadata name="dc.Creator">Beatles.</Metadata>
    <Metadata name="dc.Creator">LC Purchase Collection (Library of Congress) DLC</Metadata>
    <Metadata name="Identifier">HASH7c575f57a57cfb45ab0033s36</Metadata>
    <Metadata name="lastmodified">1652351099</Metadata>
    <Metadata name="lastmodifieddate">20220512</Metadata>
    <Metadata name="oailastmodified">1652361752</Metadata>
    <Metadata name="oailastmodifieddate">20220512</Metadata>
    <Metadata name="assocfilepath">HASH7c57/5f57a57c/fb45ab00/33s36.dir</Metadata>
  </Description>
  <Content>&lt;pre&gt;
 LDR 01526ngm  22003615a 4500
001     11592261
005     00000000000000.0
008     920108s1981    xxu080            vlund  
035    _9 (DLC)   92500347
906    _a 0
       _b ibc
       _c orignew
       _d u
       _e ncip
       _f 19
       _g y-movingim
010    _a    92500347 
007     v| ||||||
017    _a LP37960
       _b U.S. Copyright Office
040    _a DLC
       _c DLC
       _e amim
050 00 _a DAA 0348 (viewing copy)
050 00 _a DAA 0349 (viewing copy, copy 2)
245 00 _a Let it be /
       _c United Artists ; directed by Michael Lindsay-Hogg ;
 produced by Neil Aspinall.
260    _a [United States :
       _b Magnetic Video,
       _c 1981]
300    _a 1 videodisc of 1 (laser) (80 min.) :
       _b sd., col. ;
       _c 12 in. viewing copy.
300    _a 1 videodisc of 1 (laser) (80 min.) :
       _b sd., col. ;
       _c 12 in. viewing copy (copy 2).
500    _a Copyright: Apple Films, Ltd.; 13May70; LP37960.
511 0  _a With: The Beatles.
500    _a Release date for original: 1970.
500    _a Reference source used: videodisc jacket.
541    _d Received: 7-8-83;
       _3 viewing copies 1 and 2;
       _c purchase, purchse order no. 0124326;
       _a LC Purchase Collection.
700 1  _a Lindsay-Hogg, Michael,
       _e direction.
710 2  _a Beatles.
710 2  _a LC Purchase Collection (Library of Congress)
       _5 DLC
655  7 _a Videodiscs.
       _2 gmgpc
952    _a Not viewed; may be additional film and/or video material
 M/B/RS.
953    _a TE01
991    _b c-MP&amp;TV
       _h DAA 0348 (viewing copy)
       _w MUMS VM File
991    _b c-MP&amp;TV
       _h DAA 0349 (viewing copy, copy 2)
       _w MUMS VM File
&lt;/pre&gt;
</Content>
</Section>
</Archive>
